@inproceedings{hu2017toward,
  title={Toward controlled generation of text},
  author={Hu, Zhiting and Yang, Zichao and Liang, Xiaodan and Salakhutdinov, Ruslan and Xing, Eric P},
  booktitle={International Conference on Machine Learning},
  pages={1587--1596},
  year={2017}
}
