@article{bowman2016generating,
  title={Generating Sentences from a Continuous Space},
  author={Bowman, Samuel R and Vilnis, Luke and Vinyals, Oriol and Dai, Andrew M and Jozefowicz, Rafal and Bengio, Samy},
  journal={CoNLL 2016},
  pages={10},
  year={2016}
}

@inproceedings{mikolov2011extensions,
  title={Extensions of recurrent neural network language model},
  author={Mikolov, Tom{\'a}{\v{s}} and Kombrink, Stefan and Burget, Luk{\'a}{\v{s}} and {\v{C}}ernock{\`y}, Jan and Khudanpur, Sanjeev},
  booktitle={Acoustics, Speech and Signal Processing (ICASSP), 2011 IEEE International Conference on},
  pages={5528--5531},
  year={2011},
  organization={IEEE}
}