@article{zhou2017multi,
  title={Multi-space Variational Encoder-Decoders for Semi-supervised Labeled Sequence Transduction},
  author={Zhou, Chunting and Neubig, Graham},
  journal={arXiv preprint arXiv:1704.01691},
  year={2017}
}
