@article{li2015hierarchical,
  title={A hierarchical neural autoencoder for paragraphs and documents},
  author={Li, Jiwei and Luong, Minh-Thang and Jurafsky, Dan},
  journal={arXiv preprint arXiv:1506.01057},
  year={2015}
}
