@article{radford2017learning,
  title={Learning to generate reviews and discovering sentiment},
  author={Radford, Alec and Jozefowicz, Rafal and Sutskever, Ilya},
  journal={arXiv preprint arXiv:1704.01444},
  year={2017}
}

@article{krause2016multiplicative,
  title={Multiplicative LSTM for sequence modelling},
  author={Krause, Ben and Lu, Liang and Murray, Iain and Renals, Steve},
  journal={arXiv preprint arXiv:1609.07959},
  year={2016}
}

@article{karpathy2015visualizing,
  title={Visualizing and understanding recurrent networks},
  author={Karpathy, Andrej and Johnson, Justin and Fei-Fei, Li},
  journal={arXiv preprint arXiv:1506.02078},
  year={2015}
}
