@article{li2017adversarial,
  title={Adversarial learning for neural dialogue generation},
  author={Li, Jiwei and Monroe, Will and Shi, Tianlin and Ritter, Alan and Jurafsky, Dan},
  journal={arXiv preprint arXiv:1701.06547},
  year={2017}
}
