@article{yang2017improved,
  title={Improved Variational Autoencoders for Text Modeling using Dilated Convolutions},
  author={Yang, Zichao and Hu, Zhiting and Salakhutdinov, Ruslan and Berg-Kirkpatrick, Taylor},
  journal={arXiv preprint arXiv:1702.08139},
  year={2017}
}
